<?xml version="1.0" encoding="utf-8"?>
<record xmlns="http://www.loc.gov/MARC21/slim" xmlns:xsi="http://www.w3.org/2001/XMLSchema-instance" xsi:schemaLocation="http://www.loc.gov/MARC21/slim http://www.loc.gov/standards/marcxml/schema/MARC21slim.xsd">
	<leader>     nam a22     Mi 4500</leader>
	<controlfield tag="001">b11739459</controlfield>
	<controlfield tag="003">UaCaAUL</controlfield>
	<controlfield tag="006">m        d        </controlfield>
	<controlfield tag="007">cr cn |||m|||a</controlfield>
	<controlfield tag="008">200505m19249999ua a    ob    000 0 ara d</controlfield>
	<datafield ind1=" " ind2=" " tag="040">
		<subfield code="a">ZYU</subfield>
		<subfield code="b">ara</subfield>
		<subfield code="e">rda</subfield>
		<subfield code="c">ZYU</subfield>
	</datafield>
	<datafield ind1=" " ind2=" " tag="066">
		<subfield code="c">(3</subfield>
	</datafield>
	<datafield ind1=" " ind2=" " tag="043">
		<subfield code="a">ma-----</subfield>
	</datafield>
	<datafield ind1=" " ind2="4" tag="050">
		<subfield code="a">PJ7510</subfield>
		<subfield code="b">.Z3 1924</subfield>
	</datafield>
	<datafield ind1="1" ind2=" " tag="100">
		<subfield code="6">880-01</subfield>
		<subfield code="a">Zaydān, Jirjī,</subfield>
		<subfield code="d">1861-1914,</subfield>
		<subfield code="e">auther.</subfield>
	</datafield>
	<datafield ind1="1" ind2="0" tag="240">
		<subfield code="6">880-02</subfield>
		<subfield code="a">Tārīkh ādāb al-lughah al-ʻArabīyah.</subfield>
	</datafield>
	<datafield ind1="1" ind2="0" tag="245">
		<subfield code="6">880-03</subfield>
		<subfield code="a">Kitāb tārīkh ādāb al-lughah al-ʻArabīyah :</subfield>
		<subfield code="b">yashtamil ʻalá tārīkh al-lughah al-ʻArabīyah wa-ʻulūmihā wa-mā ḥawathu min al-ʻulūm wa-al-ādāb ʻalá ikhtilāf mawāḍīʻihā wa-tarājim al-ʻulamāʼ wa-al-udabāʼ wa-al-shuʻarāʼ wa-sāʼir arbāb al-qarāʼiḥ, wa-waṣf muʼallafātihim wa-amākin wujūdihā aw ṭabʻihā min aqdam azminat al-tārikh ilá al-ān /</subfield>
		<subfield code="c">taʼlīf Jirjī Zaydān, minshiʼ al-Hilāl.</subfield>
	</datafield>
	<datafield ind1="3" ind2=" " tag="246">
		<subfield code="6">880-04</subfield>
		<subfield code="a">Tārīkh ādāb al-lughah al-ʻArabīyah.</subfield>
	</datafield>
	<datafield ind1="3" ind2="0" tag="246">
		<subfield code="6">880-05</subfield>
		<subfield code="a">Ādāb al-lughah al-ʻArabīyah</subfield>
	</datafield>
	<datafield ind1=" " ind2=" " tag="250">
		<subfield code="6">880-06</subfield>
		<subfield code="a">al-Ṭabʻah al-thānīyah.</subfield>
	</datafield>
	<datafield ind1=" " ind2="1" tag="264">
		<subfield code="6">880-07</subfield>
		<subfield code="a">Miṣr :</subfield>
		<subfield code="b">Maṭbaʻat al-Hilāl bi-Miṣr,</subfield>
		<subfield code="c">1924-</subfield>
	</datafield>
	<datafield ind1=" " ind2=" " tag="300">
		<subfield code="a">online resource (volumes) :</subfield>
		<subfield code="b">illustrations</subfield>
	</datafield>
	<datafield ind1=" " ind2=" " tag="336">
		<subfield code="a">text</subfield>
		<subfield code="2">rdacontent</subfield>
	</datafield>
	<datafield ind1=" " ind2=" " tag="337">
		<subfield code="a">computer</subfield>
		<subfield code="2">rdamedia</subfield>
	</datafield>
	<datafield ind1=" " ind2=" " tag="338">
		<subfield code="a">online resource</subfield>
		<subfield code="2">rdacarrier</subfield>
	</datafield>
	<datafield ind1=" " ind2=" " tag="500">
		<subfield code="a">Part of the Arabic Collections Online (ACO) project, contributed by American University in Cairo Library.</subfield>
	</datafield>
	<datafield ind1=" " ind2=" " tag="504">
		<subfield code="a">Includes bibliographical references.</subfield>
	</datafield>
	<datafield ind1="1" ind2=" " tag="505">
		<subfield code="6">880-08</subfield>
		<subfield code="a">al-Juzʼ al-awwal. Yaḥtawī ʻalá tārīkh ādāb al-lughah al-ʻArabīyah fī ʻaṣr al-Jāhilīyah wa- ʻaṣr al-Rāshidīn wa-al-ʻaṣr al-Umawī ay min aqdam azminat al-tārīkh ilá sanat 132 H -- al-Juzʼ al-thānī. Yaḥtawī ʻalá tārīkh ādāb al-lughah al-ʻArabīyah fī al-ʻaṣr al-ʻAbbāsī min qiyām al-dawlah al-ʻAbbāsīyah sanat 132 H. ilá dukhūl al-Salājiqah Baghdād sanat 447 H wa-yadkhul fīhi takawwun al-ʻulūm al-Islāmīyah wa-naql al-ʻulūm al-dakhīlah ilá nuḍj al-ʻilm fī awāsiṭ al-qarn al-khāmis lil-Hijrah -- al-Juzʼ al-thālith. Yaḥtawī ʻalá tārīkh ādāb al-lughah al-ʻArabīyah min dukhūl al-Salājiqah Baghdād sanat 447 H ilá dukhūl al-Faransāwīyīn Miṣr sanat 1213 H, 1798 M wa-yadkhul fīhi thimār al-qarāʼiḥ wa-al-ʻuqūl fī al-ʻaṣr al-ʻAbbāsī al-rābiʻ wa-al-ʻaṣr al-Maghūlī, wa-al-ʻaṣr al-ʻUthmānī, wa-hiya akthar ʻuṣūr ādāb al-lughah nitājan wa-fīhā ẓaharat aham al-maʻājim wa-al-mawsūʻāt wa-awsaʻ kutub al-tārīkh wa-al-jughrāfiyah wa-al-lughah mimmā tudāwiluhu al-aydī --</subfield>
	</datafield>
	<datafield ind1=" " ind2=" " tag="533">
		<subfield code="a">Electronic reproduction.</subfield>
		<subfield code="b">New York, N.Y. :</subfield>
		<subfield code="c">New York University,</subfield>
		<subfield code="d">2020.</subfield>
		<subfield code="5">NNU</subfield>
	</datafield>
	<datafield ind1=" " ind2="0" tag="650">
		<subfield code="a">Arabic literature</subfield>
		<subfield code="x">History and criticism.</subfield>
	</datafield>
	<datafield ind1=" " ind2="7" tag="650">
		<subfield code="a">Arabic literature.</subfield>
		<subfield code="2">fast</subfield>
		<subfield code="0">(OCoLC)fst00812478</subfield>
	</datafield>
	<datafield ind1=" " ind2="7" tag="655">
		<subfield code="a">Criticism, interpretation, etc.</subfield>
		<subfield code="2">fast</subfield>
		<subfield code="0">(OCoLC)fst01411635</subfield>
	</datafield>
	<datafield ind1="2" ind2=" " tag="710">
		<subfield code="a">American University in Cairo.</subfield>
		<subfield code="b">Library.</subfield>
	</datafield>
	<datafield ind1="0" ind2=" " tag="730">
		<subfield code="a">Arabic Collections Online.</subfield>
	</datafield>
	<datafield ind1="0" ind2="8" tag="776">
		<subfield code="i">Print version:</subfield>
		<subfield code="a">Zaydān, Jirjī, 1861-1914, auther.</subfield>
		<subfield code="t">Kitāb tārīkh ādāb al-lughah al-ʻArabīyah</subfield>
		<subfield code="w">(UaCaAUL)b11739459</subfield>
		<subfield code="w">(OCoLC)60505857</subfield>
	</datafield>
	<datafield ind1="4" ind2="0" tag="856">
		<subfield code="u">http://hdl.handle.net/2333.1/qnk9939c</subfield>
	</datafield>
	<datafield ind1="1" ind2=" " tag="880">
		<subfield code="6">100-01</subfield>
		<subfield code="a">زيدان، جرجي،</subfield>
		<subfield code="d">1861-1914،</subfield>
		<subfield code="e">author.</subfield>
	</datafield>
	<datafield ind1="1" ind2="0" tag="880">
		<subfield code="6">240-02</subfield>
		<subfield code="a">تاريخ آداب اللغة العربية.</subfield>
	</datafield>
	<datafield ind1="1" ind2="0" tag="880">
		<subfield code="6">245-03</subfield>
		<subfield code="a">كتاب تاريخ آداب اللغة العربية :</subfield>
		<subfield code="b">يشتمل على تاريخ اللغة العربية وعلومها وما حوته من العلوم والآداب على اختلاف مواضيعها وتراجم العلماء والادباء والشعراء وسائر ارباب القرائح، ووصف مؤلفاتهم واماكن وجودها او طبعها من اقدم ازمنة التارخ الى الان /</subfield>
		<subfield code="c">تأليف جرجي زيدان، منشئ الهلال.</subfield>
	</datafield>
	<datafield ind1="3" ind2=" " tag="880">
		<subfield code="6">246-04</subfield>
		<subfield code="a">تاريخ آداب اللغة العربية.</subfield>
	</datafield>
	<datafield ind1="3" ind2="0" tag="880">
		<subfield code="6">246-05</subfield>
		<subfield code="a">آداب اللغة العربية</subfield>
	</datafield>
	<datafield ind1=" " ind2=" " tag="880">
		<subfield code="6">250-06</subfield>
		<subfield code="a">الطبعة الثانية.</subfield>
	</datafield>
	<datafield ind1=" " ind2="1" tag="880">
		<subfield code="6">264-07</subfield>
		<subfield code="a">مصر :</subfield>
		<subfield code="b">مطبعة الهلال بمصر،</subfield>
		<subfield code="c">1924-</subfield>
	</datafield>
	<datafield ind1="1" ind2=" " tag="880">
		<subfield code="6">505-08</subfield>
		<subfield code="a">الجزء الاول. يحتوي على تاريخ آداب اللغة العربية في عصر الجاهلية و عصر الراشدين والعصر الاموي اي من أقدم أزمنة التاريخ الى سنة 132 ه -- الجزء الثاني. يحتوي على تاريخ آداب اللغة العربية في العصر العباسي من قيام الدولة العباسية سنة 132 ه. الى دخول السلاجقة بغداد سنة 447 ه ويدخل فيه تكون العلوم الاسلامية ونقل العلوم الدخيلة الى نضج العلم في أواسط القرن الخامس للهجرة -- الجزء الثالث. يحتوي على تاريخ آداب اللغة العربية من دخول السلاجقة بغداد سنة 447 ه الى دخول الفرنساويين مصر سنة 1213 ه، 1798 م ويدخل فيه ثمار القرائح والعقول في العصر العباسي الرابع والعصر المغولي والعصر العثماني، وهي اكثر عصور آداب اللغة نتاجا، وفيها ظهرت أهم المعاجم والموسوعات وأوسع كتب التاريخ والجغرافية واللغة مما تداوله الايدي --</subfield>
	</datafield>
	<datafield ind1=" " ind2=" " tag="959">
		<subfield code="a">NNU</subfield>
		<subfield code="b">WEB</subfield>
		<subfield code="c">GENI</subfield>
		<subfield code="t">0</subfield>
		<subfield code="m">Electronic access</subfield>
		<subfield code="s">01</subfield>
	</datafield>
	<datafield ind1=" " ind2=" " tag="999">
		<subfield code="i">UaCaAUL_b11739459</subfield>
		<subfield code="o">(OCoLC)ocm60505857</subfield>
		<subfield code="s">auc_aco001130:v.1</subfield>
		<subfield code="s">auc_aco001131:v.2</subfield>
		<subfield code="s">auc_aco001132:v.3</subfield>
	</datafield>
</record>
